@misc{vhdl,
	author = {Dr. Jayram, Moorkanikara Nageswaran},
	title = {VHDL Reference Guide},
	howpublished = {\url{http://www.ics.uci.edu/~jmoorkan/vhdlref/}},
}
@online{signal,
	author = {Sigasi},
	title = {{Signal Assignments in VHDL:} with/select, when/else and case},
	year = 2011,
	url = {http://insights.sigasi.com/tech/signal-assignments-vhdl-withselect-whenelse-and-case.html},
	urldate = {2018-03-02}
}
